<?xml version="1.0" encoding="UTF-8"?><collection xmlns="http://www.loc.gov/MARC21/slim"><record><leader>00420nam--2200133-i-4500</leader><controlfield tag="001">000018868</controlfield><controlfield tag="002">20161230</controlfield><controlfield tag="005">20161230201032</controlfield><controlfield tag="008">060222s1000------------r-----000-0-eng-d</controlfield><datafield ind1=" " ind2=" " tag="080"><subfield code="a">512.83:512.9</subfield></datafield><datafield ind1=" " ind2=" " tag="100"><subfield code="a">Eisele, John A</subfield></datafield><datafield ind1=" " ind2=" " tag="245"><subfield code="a">Advanced quantum mechanics and particle physics from an elementary approach.second ed</subfield></datafield><datafield ind1=" " ind2=" " tag="260"><subfield code="a">Washington, The National Book Company Of America, 1964. Xvii + 656 Pag</subfield></datafield><datafield ind1=" " ind2=" " tag="852"><subfield code="a">24041</subfield></datafield></record></collection>